<?xml version="1.0" encoding="UTF-8"?><collection xmlns="http://www.loc.gov/MARC21/slim"><record><leader>00585nam--2200193-i-4500</leader><controlfield tag="001">000024776</controlfield><controlfield tag="002">20161230</controlfield><controlfield tag="005">20170102180351</controlfield><controlfield tag="008">060222s1000------------r-----000-0-eng-d</controlfield><datafield ind1=" " ind2=" " tag="020"><subfield code="a">9971978954</subfield></datafield><datafield ind1=" " ind2=" " tag="040"><subfield code="a">IFIN-HH</subfield></datafield><datafield ind1=" " ind2=" " tag="080"><subfield code="a">539.172.17(061.3)</subfield></datafield><datafield ind1="1" ind2=" " tag="100"><subfield code="a">Furuno, K</subfield></datafield><datafield ind1="1" ind2="0" tag="245"><subfield code="a">Heavy ion fusion reactions</subfield><subfield code="b">Proceedings of the Tsukuba International Symposium September 3-5, 1984</subfield><subfield code="c">K. Furuno, T. Kishimoto (eds.)</subfield></datafield><datafield ind1=" " ind2=" " tag="260"><subfield code="a">Singapore</subfield><subfield code="b">World Scientific</subfield><subfield code="c">1985</subfield></datafield><datafield ind1=" " ind2=" " tag="300"><subfield code="a">XXVIII + 419 P</subfield></datafield><datafield ind1="1" ind2=" " tag="700"><subfield code="a">Kishimoto, T</subfield></datafield><datafield ind1=" " ind2=" " tag="852"><subfield code="a">79147</subfield><subfield code="c">539.17</subfield></datafield><datafield ind1=" " ind2=" " tag="CAT"><subfield code="a">SYS</subfield><subfield code="c">20170102</subfield><subfield code="h">180351</subfield></datafield></record></collection>